
@article
{
	faoStatisticsSite
	,
	author =	{ J. Gustavsson, C. Cederberg, U. Sonesson, R. Van Otterdijk, A. Meybeck	}
	,
	title =
	{Global Food Losses and Food Waste	}
	,
	journal =	{Food and Agriculture Organization of the United Nations}
	,
	year =
	{
	2011
	}

}

@article{
	textSummary,
	author = {    Joel Larocca NetoAlex A. FreitasCelso A. A. Kaestner},
	title = {Automatic Text Summarization Using a Machine Learning Approach},
	journal = { Brazilian Symposium on Artificial Intelligence },
	year = {2002},
	pages = {Pages 205-215}
}

@article{
	colab,
	author = { 	Jonathan L. Herlocker, Joseph A. Konstan , Al Borchers and John Riedl},
	title ={
	An algorithmic framework for performing collaborative filtering
	},
	journal = {Proceedings of the 22nd annual international ACM SIGIR conference on Research and development in information retrieval },
	year ={1999},
	pages ={230-237}
}
@article
{
	foodWasteMatters
	,
	author =	{ Karin Schanesa, Karin Dobernigab, Burcu Gözeta	}
	,
	title =
	{Food waste matters - A systematic review of household food waste practices and their policy implications	}
	,
	journal =	{Journal of Cleaner Production}
	,
	year =
	{
	2018
	},
	pages ={Pages 978-991}
	
}
@article{Otsu,
	author = {N. Otsu},
	title = {A threshold selection method from gray-level histogram},
	journal = {IEEE Trans. Systems Man Cybern},
	year = {1979},
	pages ={Pages 62-66}
}

@article{LecunOcr,
	author = {Yann Lecun and Leon Bottou and Yoshua Bengio and Patrick Haffner},
	title = {Gradient-Based Learning Applied to Document Recognition},
	journal = {Proc of the IEEE},
	year ={1998},
	}
	
@misc{StanfordOcr,
	author = {Tao Wang and David J. Wu and Adam Coates and Andrew Y. Ng},
	title = {End-to-End Text Recognition with Convolutional Neural Networks},
	howpublished = "\url{https://cs.stanford.edu/~acoates/papers/wangwucoatesng_icpr2012.pdf}"
	}
@article{resnet,
	author = {Kaiming He and Xiangyu Zhang and Shaoqing Ren and Jian Sun},
	title = {Deep Residual Learning for Image Recognition},
	journal = {arXiv preprint arXiv:1512.03385},
	year = {2015}
}
@misc{inception,
	author = { Christian Szegedy and Wei Liu and Yangqing Jia and Pierre Sermanet and Scott Reed and Dragomir Anguelov and Dumitru Erhan and Vincent Vanhoucke and Andrew Rabinovich},
	title = { Going Deeper with Convolutions},
	howpublished = "\url{https://arxiv.org/abs/1409.4842}"
	}
@misc{inceptionResNet,
	author ={ Christian Szegedy and Sergey Ioffe and Vincent Vanhoucke and Alex Alemi},
	title = { Inception-v4, Inception-ResNet and the Impact of Residual Connections on Learning},
	howpublished = "\url{https://arxiv.org/abs/1602.07261}"
}
@misc{mediumInceptionSite,
	title = {We Need to Go Deeper: A Practical Guide to Tensorflow and Inception},
	howpublished="\url{https://medium.com/initialized-capital/we-need-to-go-deeper-a-practical-guide-to-tensorflow-and-inception-50e66281804f/}"
}

@misc{
	RomaniaWaste,
	title = {Deseuri alimentare in Romania},
	howpublished = "\url{http://foodwaste.ro/ce-este-risipa-de-hrana/}"	
	}
@misc{ocr,
	title = {Optical Character Recognition (OCR) – How it works },
	howpublished = "\url{https://www.nicomsoft.com/optical-character-recognition-ocr-how-it-works/}"
}
@misc{imagenet dataset,
	title = {Imagenet},
	howpublished = "\url{http://www.image-net.org/}"
}
@misc{OcrApi,
	title = { Text Recognition API Overview},
	howpublished = "\url{https://developers.google.com/vision/android/text-overview}"
}
@misc{Esp,
	title = {Esp8266 Datasheet},
	howpublished ="\url{https://www.electroschematics.com/wp-content/uploads/2015/02/esp8266-datasheet.pdf}"
}
@misc{SHT,
	title = {SHT11 Datasheet},
	howpublished="\url{http://pdf1.alldatasheet.com/datasheet-pdf/view/91100/ETC/SHT11.html}"
}

@misc{Levenstein,
	title = {Levenstein Edit Distance},
	howpublished = "\url{https://www.codeproject.com/Articles/13525/Fast-memory-efficient-Levenshtein-algorithm}"
}

@misc{RRNforvoiceassistance,
	author = {A. Robinson and M. Hochberg and and S. Renals},
	title = {The use of recurrent networks in continuous speech recognition},
	howpublished = {in Automatic Speech and Speaker Recognition, K. K. P. C.-H. Lee, F. K. Soong, Ed. Norwell, MA, USA: Kluwer Academic Publishers, 1996, pp. 233 - 258.}
}


@misc{tensorflowHub,
	title = {Tensorflow Hub},
	howpublished = "\url{https://www.tensorflow.org/hub/}"
}

@misc{tensorflowBinary,
	howpublished = "\url{https://www.tensorflow.org/install/install_linux#the_url_of_the_tensorflow_python_package/}"
}

@misc{CIFAR,
	howpublished = "\url{https://www.cs.toronto.edu/~kriz/cifar.html/}"
}

@misc{HoreaDataset,
	title ={Fruits-360 dataset},
	howpublished = "\url{https://github.com/Horea94/Fruit-Images-Dataset/}"
}

@misc{resnetKaggle,
	title = {Kaggle challenge implementation of Resnet50},
	howpublished = "\url{https://www.kaggle.com/keras/resnet50/}"
}

@misc{alexnet,
	title = {ImageNet Classification with Deep Convolutional Neural Networks},
	howpublished = "\url{https://www.nvidia.cn/content/tesla/pdf/machine-learning/net-classification-with-deep-convolutional-nn.pdf}"
}

@misc{tensorflowAbstract,
title={ {TensorFlow}: Large-Scale Machine Learning on Heterogeneous Systems},
url={https://www.tensorflow.org/},
note={Software available from tensorflow.org},
author={
    Mart\'{\i}n~Abadi and
    Ashish~Agarwal and
    Paul~Barham and
    Eugene~Brevdo and
    Zhifeng~Chen and
    Craig~Citro and
    Greg~S.~Corrado and
    Andy~Davis and
    Jeffrey~Dean and
    Matthieu~Devin and
    Sanjay~Ghemawat and
    Ian~Goodfellow and
    Andrew~Harp and
    Geoffrey~Irving and
    Michael~Isard and
    Yangqing Jia and
    Rafal~Jozefowicz and
    Lukasz~Kaiser and
    Manjunath~Kudlur and
    Josh~Levenberg and
    Dandelion~Man\'{e} and
    Rajat~Monga and
    Sherry~Moore and
    Derek~Murray and
    Chris~Olah and
    Mike~Schuster and
    Jonathon~Shlens and
    Benoit~Steiner and
    Ilya~Sutskever and
    Kunal~Talwar and
    Paul~Tucker and
    Vincent~Vanhoucke and
    Vijay~Vasudevan and
    Fernanda~Vi\'{e}gas and
    Oriol~Vinyals and
    Pete~Warden and
    Martin~Wattenberg and
    Martin~Wicke and
    Yuan~Yu and
    Xiaoqiang~Zheng},
  year={2015},
}

