@misc{tensorflowSite,
  howpublished = "\url{https://www.tensorflow.org/install/install_linux#common_installation_problems/}",
}

@misc{cuddnGuide,
  howpublished = "\url{http://developer.download.nvidia.com/compute/cuda/9.0/Prod/docs/sidebar/
	CUDA_Quick_Start_Guide.pdf/}"
}


@misc{tensorflowHub,
	title = {Tensorflow Hub},
	howpublished = "\url{https://www.tensorflow.org/hub/}"
}

@misc{imagenet,
	title = {Imagenet},
	howpublished = "\url{http://www.image-net.org/}"
}

@misc{cuddnLinux,
	howpublished = "\url{http://docs.nvidia.com/deeplearning/sdk/cudnn-install/index.html#install-linux/}"
}

@misc{tensorflowBinary,
	howpublished = "\url{https://www.tensorflow.org/install/install_linux#the_url_of_the_tensorflow_python_package/}"
}

@misc{CIFAR,
	howpublished = "\url{https://www.cs.toronto.edu/~kriz/cifar.html/}"
}

@misc{HoreaDataset,
	howpublished = "\url{https://github.com/Horea94/Fruit-Images-Dataset/}"
}

@article{resnet,
	author = {Kaiming He and Xiangyu Zhang and Shaoqing Ren and Jian Sun},
	title = {Deep Residual Learning for Image Recognition},
	journal = {arXiv preprint arXiv:1512.03385},
	year = {2015}
}

@misc{resnetKaggle
	title = {Kaggle challenge implementation of Resnet50}
	howpublished = "\url{https://www.kaggle.com/keras/resnet50/}"
}

@misc{tensorflowAbstract,
title={ {TensorFlow}: Large-Scale Machine Learning on Heterogeneous Systems},
url={https://www.tensorflow.org/},
note={Software available from tensorflow.org},
author={
    Mart\'{\i}n~Abadi and
    Ashish~Agarwal and
    Paul~Barham and
    Eugene~Brevdo and
    Zhifeng~Chen and
    Craig~Citro and
    Greg~S.~Corrado and
    Andy~Davis and
    Jeffrey~Dean and
    Matthieu~Devin and
    Sanjay~Ghemawat and
    Ian~Goodfellow and
    Andrew~Harp and
    Geoffrey~Irving and
    Michael~Isard and
    Yangqing Jia and
    Rafal~Jozefowicz and
    Lukasz~Kaiser and
    Manjunath~Kudlur and
    Josh~Levenberg and
    Dandelion~Man\'{e} and
    Rajat~Monga and
    Sherry~Moore and
    Derek~Murray and
    Chris~Olah and
    Mike~Schuster and
    Jonathon~Shlens and
    Benoit~Steiner and
    Ilya~Sutskever and
    Kunal~Talwar and
    Paul~Tucker and
    Vincent~Vanhoucke and
    Vijay~Vasudevan and
    Fernanda~Vi\'{e}gas and
    Oriol~Vinyals and
    Pete~Warden and
    Martin~Wattenberg and
    Martin~Wicke and
    Yuan~Yu and
    Xiaoqiang~Zheng},
  year={2015},
}


	
	